
@entry{a,
{
  name=\ensuremath{\vect{a}},
  description={First order tensor which describes the acceleration field}
}

@entry{v,
{
  name=\ensuremath{\vect{v}},
  description={First order tensor which describes the velocity field}
}

@entry{u,
{
  name=\ensuremath{\vect{u}},
  description={First order tensor which describes the displacement field}
}

@entry{x,
{
  name=\ensuremath{\vect{x}},
  description={First order tensor which describes the global coordinates field}
}

@entry{Constitutive,
{
  name=\ensuremath{\tens{D}},
  description={Four order tensor which means the constitutive response
    of the material}
}


@entry{fc,
{
  name=\ensuremath{f_c},
  description={Compressive strenght}
}

@entry{ft,
{
  name=\ensuremath{f_t},
  description={Tensile strenght}
}

@entry{Gf,
{
  name=\ensuremath{G_F},
  description={Specific fracture energy}
}

@entry{E,
{
  name=\ensuremath{E},
  description={Elastic modulus}
}


@entry{Ceps,
{
  name=\ensuremath{C_{\epsilon}},
  description={Normalizing constant}
}


@entry{heps,
{
  name=\ensuremath{h_{\epsilon}},
  description={Band width}
}

@entry{Wc,
{
  name=\ensuremath{w_c},
  description={Critical opening displacement}
}
